<?xml version="1.0" encoding="UTF-8"?><collection xmlns="http://www.loc.gov/MARC21/slim"><record><leader>00408nam--2200121-i-4500</leader><controlfield tag="001">000007047</controlfield><controlfield tag="002">20161230</controlfield><controlfield tag="005">20170207231335</controlfield><controlfield tag="008">060222s1000------------r-----000-0-eng-d</controlfield><datafield ind1=" " ind2=" " tag="245"><subfield code="a">Colloque sur la diffusioin inelastique des neutrons. Bombay, Inde, 15-19 Dec. 1964. Resumes des memoires</subfield></datafield><datafield ind1=" " ind2=" " tag="260"><subfield code="a">Vienne</subfield><subfield code="b">Agence Internationale De L Energie Atomique</subfield><subfield code="c">1964</subfield></datafield><datafield ind1=" " ind2=" " tag="300"><subfield code="a">/Pag.Dif.</subfield></datafield><datafield ind1=" " ind2=" " tag="CAT"><subfield code="a">SYS</subfield><subfield code="c">20170207</subfield><subfield code="h">231335</subfield></datafield></record></collection>